<?xml version="1.0" encoding="UTF-8"?><collection xmlns="http://www.loc.gov/MARC21/slim"><record><leader>00570nam--2200193-i-4500</leader><controlfield tag="001">000008382</controlfield><controlfield tag="002">20161230</controlfield><controlfield tag="005">20161230201027</controlfield><controlfield tag="008">060222s1000------------r-----000-0-fre-d</controlfield><datafield ind1=" " ind2=" " tag="040"><subfield code="a">IFIN-HH</subfield></datafield><datafield ind1=" " ind2=" " tag="041"><subfield code="a">fre</subfield></datafield><datafield ind1=" " ind2=" " tag="080"><subfield code="a">539.14</subfield></datafield><datafield ind1="1" ind2=" " tag="100"><subfield code="a">Agassi, Dan</subfield></datafield><datafield ind1="1" ind2="0" tag="245"><subfield code="a">Description r.p.a. de l etat fondamental de 12 c, 16 o, 40 ca et 208pb</subfield><subfield code="c">Dan agassi, vincent gillet, albert lumbroso</subfield></datafield><datafield ind1=" " ind2=" " tag="260"><subfield code="a">Saclay, France</subfield><subfield code="b">Commissariat A L'Energie Atomique</subfield><subfield code="c">1968</subfield></datafield><datafield ind1=" " ind2=" " tag="300"><subfield code="a">32 P</subfield></datafield><datafield ind1="1" ind2=" " tag="700"><subfield code="a">Lumbroso, Albert</subfield></datafield><datafield ind1=" " ind2=" " tag="852"><subfield code="a">28142</subfield><subfield code="c">539.14</subfield></datafield><datafield ind1=" " ind2=" " tag="CAT"><subfield code="a">Sys</subfield><subfield code="c">20120327</subfield><subfield code="h">101611</subfield></datafield></record></collection>